<collection xmlns="http://www.loc.gov/MARC21/slim"><record><leader>00778nam  2200229   450</leader><controlfield tag="001">573</controlfield><controlfield tag="003">http://montalegre.opacnet.com/OPAC/default.aspx?ContentAreaControl=ShowRegHoldings.ascx&amp;RegNo=16662</controlfield><controlfield tag="005">20</controlfield><datafield tag="010" ind1=" " ind2=" "><subfield code="a">972-46-0602-3</subfield></datafield><datafield tag="021" ind1=" " ind2=" "><subfield code="a">PT</subfield><subfield code="b">67007/93</subfield></datafield><datafield tag="100" ind1=" " ind2=" "><subfield code="a">19940303d1993 k y0pory0103 ba</subfield></datafield><datafield tag="101" ind1="0" ind2=" "><subfield code="a">por</subfield></datafield><datafield tag="102" ind1=" " ind2=" "><subfield code="a">PT</subfield></datafield><datafield tag="200" ind1="1" ind2=" "><subfield code="a">Filhas de Loth</subfield><subfield code="f">Bento da Cruz</subfield></datafield><datafield tag="210" ind1=" " ind2=" "><subfield code="d">Editorial Noticiás</subfield><subfield code="d">1993</subfield></datafield><datafield tag="215" ind1=" " ind2=" "><subfield code="a">277, [1] p.</subfield><subfield code="d">22 cm</subfield></datafield><datafield tag="606" ind1="1" ind2=" "><subfield code="a">Literatura portuguesa</subfield><subfield code="2">Autoridade</subfield><subfield code="3">PT-----------2012041710390005598</subfield></datafield><datafield tag="608" ind1=" " ind2=" "><subfield code="a">Romance</subfield><subfield code="2">Autoridade</subfield><subfield code="3">PT9999-00-10-2009040123590005548</subfield></datafield><datafield tag="675" ind1=" " ind2=" "><subfield code="a">821.134.3(469.202)-31</subfield></datafield><datafield tag="700" ind1=" " ind2="1"><subfield code="a">Cruz</subfield><subfield code="b">Bento da</subfield><subfield code="f">1925-</subfield></datafield><datafield tag="801" ind1=" " ind2="0"><subfield code="a">PT</subfield><subfield code="b">Biblioteca Municipal de Montalegre</subfield><subfield code="g">RPC</subfield></datafield><datafield tag="856" ind1=" " ind2=" "><subfield code="u">locateMedia.asp?cod=20060518144621&amp;ext=jpg</subfield><subfield code="z">CAPA</subfield></datafield><datafield tag="909" ind1="&#9;" ind2=" "><subfield code="a">1</subfield></datafield><datafield tag="966" ind1=" " ind2=" "><subfield code="a">0015880</subfield><subfield code="l">BMM</subfield><subfield code="s">SCG 821.134.3(469.202) CRU fil</subfield></datafield></record></collection>